<?xml version = "1.0" encoding = "UTF-8"?><OAI-PMH xmlns="http://www.openarchives.org/OAI/2.0/" xmlns:xsi="http://www.w3.org/2001/XMLSchema-instance" xsi:schemaLocation="http://www.openarchives.org/OAI/2.0/ http://www.openarchives.org/OAI/2.0/OAI-PMH.xsd"><ListRecords><record><header><identifier>aleph-publish:036773174</identifier></header><metadata><record xmlns="http://www.ddb.de/professionell/mabxml/mabxml-1.xsd"><leader>00000cM2.01200024------h</leader><controlfield tag="LDR">00000cM2.01200024------h</controlfield><controlfield tag="FMT">MH</controlfield><datafield tag="001" ind1="-" ind2="1"><subfield code="a">HT020579803</subfield></datafield><datafield tag="002" ind1="a" ind2="1"><subfield code="a">20200916</subfield></datafield><datafield tag="003" ind1="-" ind2="1"><subfield code="a">20210311</subfield></datafield><datafield tag="026" ind1="-" ind2="1"><subfield code="a">HBZHT020579803</subfield></datafield><controlfield tag="030">z||ur||||||17</controlfield><datafield tag="036" ind1="a" ind2="1"><subfield code="a">XA-DE-BW</subfield></datafield><datafield tag="037" ind1="b" ind2="1"><subfield code="a">ger</subfield></datafield><controlfield tag="050">||||||||g|||||</controlfield><controlfield tag="051">m|||||||</controlfield><datafield tag="060" ind1="-" ind2="1"><subfield code="b">txt</subfield><subfield code="a">Text</subfield></datafield><datafield tag="061" ind1="-" ind2="1"><subfield code="b">c</subfield><subfield code="a">Computermedien</subfield></datafield><datafield tag="062" ind1="-" ind2="1"><subfield code="b">cr</subfield><subfield code="a">Online-Ressource</subfield></datafield><datafield tag="070" ind1="-" ind2="1"><subfield code="a">1116</subfield></datafield><datafield tag="070" ind1="b" ind2="1"><subfield code="a">829</subfield></datafield><datafield tag="078" ind1="i" ind2="1"><subfield code="a">iall</subfield></datafield><datafield tag="078" ind1="e" ind2="1"><subfield code="a">ZDB-22-CAN</subfield><subfield code="a">ZDB-30-PQE</subfield></datafield><datafield tag="080" ind1="-" ind2="1"><subfield code="a">60</subfield></datafield><datafield tag="100" ind1="-" ind2="1"><subfield code="p">Fangerau, Heiner</subfield><subfield code="d">1972-</subfield><subfield code="9">(DE-588)122588002</subfield></datafield><datafield tag="101" ind1="-" ind2="1"><subfield code="p">Fangerau, Heiner M.</subfield><subfield code="d">1972-</subfield></datafield><datafield tag="101" ind1="-" ind2="1"><subfield code="p">Fangerau, H.</subfield><subfield code="d">1972-</subfield></datafield><datafield tag="104" ind1="a" ind2="1"><subfield code="p">Labisch, Alfons</subfield><subfield code="d">1946-</subfield><subfield code="9">(DE-588)123404746</subfield></datafield><datafield tag="331" ind1="-" ind2="1"><subfield code="a">Pest und Corona</subfield></datafield><datafield tag="335" ind1="-" ind2="1"><subfield code="a">Pandemien in Geschichte, Gegenwart und Zukunft</subfield></datafield><datafield tag="359" ind1="-" ind2="1"><subfield code="a">Heiner Fangerau, Prof. Dr. Alfons Labisch</subfield></datafield><datafield tag="419" ind1="-" ind2="1"><subfield code="a">Freiburg ; Basel ; Wien</subfield><subfield code="b">Herder</subfield><subfield code="c">[2020]</subfield></datafield><datafield tag="419" ind1="b" ind2="1"><subfield code="a">München</subfield><subfield code="b">Ciando</subfield></datafield><datafield tag="419" ind1="d" ind2="1"><subfield code="c">© 2020</subfield></datafield><datafield tag="425" ind1="a" ind2="1"><subfield code="a">2020</subfield></datafield><datafield tag="433" ind1="-" ind2="1"><subfield code="a">1 Online-Ressource (128 Seiten)</subfield></datafield><datafield tag="434" ind1="-" ind2="1"><subfield code="a">Illustrationen, Karte</subfield></datafield><datafield tag="443" ind1="-" ind2="1"><subfield code="a">Textdatei</subfield><subfield code="b">EPUB</subfield></datafield><datafield tag="501" ind1="-" ind2="1"><subfield code="a">Lizenzpflichtig</subfield></datafield><datafield tag="540" ind1="a" ind2="1"><subfield code="a">978-3-451-82167-7</subfield><subfield code="b">EPUB</subfield></datafield><datafield tag="540" ind1="a" ind2="1"><subfield code="a">3-451-82167-2</subfield></datafield><datafield tag="553" ind1="a" ind2="1"><subfield code="a">9783451821677</subfield></datafield><datafield tag="677" ind1="-" ind2="1"><subfield code="k">Verlag Herder</subfield><subfield code="9">(DE-588)1075938708</subfield><subfield code="4">pbl</subfield><subfield code="3">Verlag</subfield></datafield><datafield tag="700" ind1="g" ind2="1"><subfield code="a">MS 6280</subfield></datafield><datafield tag="700" ind1="g" ind2="1"><subfield code="a">NK 1300</subfield></datafield><datafield tag="700" ind1="g" ind2="1"><subfield code="a">XB 5500</subfield></datafield><datafield tag="710" ind1="a" ind2="1"><subfield code="a">Geschichte</subfield></datafield><datafield tag="710" ind1="a" ind2="1"><subfield code="a">Seuchen</subfield></datafield><datafield tag="710" ind1="a" ind2="1"><subfield code="a">Medizingeschichte</subfield></datafield><datafield tag="710" ind1="a" ind2="1"><subfield code="a">Grippe</subfield></datafield><datafield tag="710" ind1="a" ind2="1"><subfield code="a">Pest</subfield></datafield><datafield tag="710" ind1="a" ind2="1"><subfield code="a">Corona</subfield></datafield><datafield tag="710" ind1="a" ind2="1"><subfield code="a">Pandemie</subfield></datafield><datafield tag="710" ind1="a" ind2="1"><subfield code="a">Cholera</subfield></datafield><datafield tag="710" ind1="a" ind2="1"><subfield code="a">SARS</subfield></datafield><datafield tag="710" ind1="a" ind2="1"><subfield code="a">Schweinegrippe</subfield></datafield><datafield tag="710" ind1="a" ind2="1"><subfield code="a">Epidemie</subfield></datafield><datafield tag="720" ind1="-" ind2="1"><subfield code="a">Geschichte</subfield></datafield><datafield tag="720" ind1="-" ind2="1"><subfield code="a">Seuchen</subfield></datafield><datafield tag="720" ind1="-" ind2="1"><subfield code="a">Medizingeschichte</subfield></datafield><datafield tag="720" ind1="-" ind2="1"><subfield code="a">Grippe</subfield></datafield><datafield tag="720" ind1="-" ind2="1"><subfield code="a">Pest</subfield></datafield><datafield tag="720" ind1="-" ind2="1"><subfield code="a">Corona</subfield></datafield><datafield tag="720" ind1="-" ind2="1"><subfield code="a">Pandemie</subfield></datafield><datafield tag="720" ind1="-" ind2="1"><subfield code="a">Cholera</subfield></datafield><datafield tag="720" ind1="-" ind2="1"><subfield code="a">SARS</subfield></datafield><datafield tag="720" ind1="-" ind2="1"><subfield code="a">Schweinegrippe</subfield></datafield><datafield tag="720" ind1="-" ind2="1"><subfield code="a">Epidemie</subfield></datafield><datafield tag="750" ind1="b" ind2="1"><subfield code="a">Die Corona-Krise hat unsere Art zu leben ins Wanken gebracht. Dies geschieht keineswegs zum ersten Mal – und wird sich sicher wiederholen. Die Ärzte und Medizinhistoriker Heiner Fangerau und Alfons Labisch erörtern Pandemien samt Covid-19 in ihren historischen, aktuellen und künftigen Dimensionen und diskutieren die Fragen: Hat die Welt so etwas wie die aktuelle Pandemie schon einmal erlebt? Wie veränderten Seuchen das öffentliche und private Leben? Was sind die natürlichen, die sozialen, historischen und kulturellen Hintergründe von Pandemien? Worauf müssen wir uns künftig persönlich und worauf müssen sich Gesellschaft und Gesundheitswesen einrichten, wenn wir unsere Lebensart bewahren wollen?</subfield></datafield><datafield tag="776" ind1="-" ind2="1"><subfield code="i">Erscheint auch als</subfield><subfield code="n">Druck-Ausgabe</subfield><subfield code="z">978-3-451-38879-8</subfield><subfield code="z">3-451-38879-0</subfield><subfield code="9">HT020445679</subfield></datafield><datafield tag="902" ind1="-" ind2="1"><subfield code="s">Pandemie</subfield><subfield code="9">(DE-588)4737034-8</subfield></datafield><datafield tag="902" ind1="-" ind2="1"><subfield code="s">Gesellschaft</subfield><subfield code="9">(DE-588)4020588-5</subfield></datafield><datafield tag="902" ind1="-" ind2="1"><subfield code="z">Geschichte</subfield></datafield><datafield tag="907" ind1="-" ind2="1"><subfield code="s">COVID-19</subfield><subfield code="9">(DE-588)1206347392</subfield></datafield><datafield tag="912" ind1="-" ind2="1"><subfield code="s">Pandemie</subfield><subfield code="9">(DE-588)4737034-8</subfield></datafield><datafield tag="912" ind1="-" ind2="1"><subfield code="s">Prävention</subfield><subfield code="9">(DE-588)4076308-0</subfield></datafield><datafield tag="912" ind1="-" ind2="1"><subfield code="z">Geschichte</subfield></datafield><controlfield tag="SYS">036773174</controlfield><datafield tag="LOW" ind1="-" ind2="1"><subfield code="a">N5001</subfield></datafield><datafield tag="957" ind1="-" ind2="1"><subfield code="s">Coronavirus-Krankheit-2019</subfield></datafield><datafield tag="957" ind1="-" ind2="1"><subfield code="s">Corona virus disease 2019</subfield></datafield><datafield tag="957" ind1="-" ind2="1"><subfield code="s">Coronavirus disease 2019</subfield></datafield><datafield tag="957" ind1="-" ind2="1"><subfield code="s">2019-nCoV acute respiratory disease</subfield></datafield><datafield tag="957" ind1="-" ind2="1"><subfield code="s">Wuhan pneumonia</subfield></datafield><datafield tag="957" ind1="-" ind2="1"><subfield code="s">COVID-19-Infektion</subfield></datafield><datafield tag="957" ind1="-" ind2="1"><subfield code="s">Coronavirus-SARS-CoV-2-Infektion</subfield></datafield><datafield tag="957" ind1="-" ind2="1"><subfield code="s">SARS-CoV-2-Infektion</subfield></datafield><datafield tag="962" ind1="-" ind2="1"><subfield code="s">Verhütung</subfield></datafield><datafield tag="962" ind1="-" ind2="1"><subfield code="s">Vorbeugung</subfield></datafield><datafield tag="962" ind1="-" ind2="1"><subfield code="s">Prophylaxe</subfield></datafield><datafield tag="962" ind1="-" ind2="1"><subfield code="s">Vorsorge</subfield><subfield code="h">Prävention</subfield></datafield><datafield tag="088" ind1=" " ind2=" "><subfield code="a">1116</subfield></datafield><datafield tag="088" ind1=" " ind2=" "><subfield code="a">829</subfield></datafield><datafield tag="655" ind1="e" ind2="9"><subfield code="u">https://ebookcentral.proquest.com/lib/hs-niederrhein/detail.action?docID=6189514</subfield><subfield code="z">Volltext nach Anmeldung</subfield><subfield code="2">N5001</subfield></datafield></record></metadata></record></ListRecords></OAI-PMH>